@article{lecun2015deep,
	title={Deep Learning},
	author={LeCun, Yann and Bengio, Yoshua and Hinton, Geoffrey},
	journal={Nature},
	volume={521},
	number={7553},
	pages={436-444},
	year={May 2015},
}

@inproceedings{deng2009imagenet,
	title={{ImageNet}: A large-Scale Hierarchical Image Database},
	author={Deng, Jia and Dong, Wei and Socher, Richard and Li, Li-Jia and Li, Kai and Fei-Fei, Li},
	booktitle={Proceedings of the IEEE/CVF Conference on Computer Vision and Pattern Recognition},
	pages={248-255},
	year={June 2009},
}

@article{mittal2012no,
	title={No-Reference Image Quality Assessment in the Spatial Domain},
	author={Mittal, Anish and Moorthy, Anush K. and Bovik, Alan C.},
	journal={IEEE Transactions on Image Processing},
	volume={21},
	number={12},
	pages={4695-4708},
	year={Aug. 2012},
}

@incollection{lecun1999object,
	title={Object Recognition with Gradient-Based Learning},
	author={LeCun, Yann and Haffner, Patrick and Bottou, L{\'e}on and Bengio, Yoshua},
	booktitle={Shape, Contour and Grouping in Computer Vision},
	pages={319-345},
	year={Oct. 1999},
}

@article{ding2021comparison,
	title={Comparison of Full-Reference Image Quality Models for Optimization of Image Processing Systems},
	author={Ding, Keyan and Ma, Kede and Wang, Shiqi and Simoncelli, Eero P.},
	journal={International Journal of Computer Vision},
	volume={129},
	number={4},
	pages={1258-1281},
	year={Jan. 2021},
}

@inproceedings{SimonyanZ14a,
	title= {Very Deep Convolutional Networks for Large-Scale Image Recognition},
	author= {Karen Simonyan and Andrew Zisserman},
	booktitle={Proceedings of the International Conference on Learning Representations},
	pages={1-14},
	year= {May 2015},
}

@inproceedings{zhang2018unreasonable,
	title={The Unreasonable Effectiveness of Deep Features as a Perceptual Metric}, 
	author={Zhang, Richard and Isola, Phillip and Efros, Alexei A. and Shechtman, Eli and Wang, Oliver},
	booktitle={Proceedings of the IEEE/CVF Conference on Computer Vision and Pattern Recognition}, 
	year={June 2018},
	volume={},
	number={},
	pages={586-595},
}

@article{dingIQA,
	author={Ding, Keyan and Ma, Kede and Wang, Shiqi and Simoncelli, Eero P.},
	journal={IEEE Transactions on Pattern Analysis and Machine Intelligence}, 
	title={Image Quality Assessment: Unifying Structure and Texture Similarity}, 
	volume={44},
	number={5},
	pages={2567-2581},
	year={May 2022},
}

@article{GuoTMM,
	author={Guo, Pengfei and He, Lang and Liu, Shuangyin and Zeng, Delu and Liu, Hantao},
	journal={IEEE Transactions on Multimedia}, 
	title={Underwater Image Quality Assessment: Subjective and Objective Methods}, 
	year={Apr. 2022},
	volume={24},
	number={},
	pages={1980-1989},
}

@article{zhu2010automatic,
	title={Automatic Parameter Selection for Denoising Algorithms using a No-Reference Measure of Image Content},
	author={Zhu, Xiang and Milanfar, Peyman},
	journal={IEEE Transactions on Image Processing},
	volume={19},
	number={12},
	pages={3116-3132},
	year={Dec. 2010},
}

@inproceedings{Mier2021,
	author={Mier, Juan C. and Huang, Eddie and Talebi, Hossein and Yang, Feng and Milanfar, Peyman},
	booktitle={Proceedings of the IEEE International Conference on Image Processing}, 
	title={Deep Perceptual Image Quality Assessment for Compression}, 
	year={Sept. 2021},
	pages={1484-1488},
}

@inbook{Li2021QA,
	author = {Li, Yang and Wang, Shiqi and Zhang, Xinfeng and Wang, Shanshe and Ma, Siwei and Wang, Yue},
	title = {Quality assessment of end-to-end learned image compression: The benchmark and objective measure},
	year = {Oct. 2021},
	booktitle = {Proceedings of the 29th ACM International Conference on Multimedia},
	pages = {4297-4305},
}

@article{Kumar2022NR,
	author={Kumar, Mohit and Bhandari, Ashish K.},
	journal={IEEE Transactions on Instrumentation and Measurement}, 
	title={No-Reference Metric Optimization-Based Perceptually Invisible Image Enhancement}, 
	year={Dec. 2021},
	volume={71},
	pages={1-10},
}

@article{Li2022SR,
	author={Li, Hao and Qin, Jinghui and Yang, Zhijing and Wei, Pengxu and Pan, Jinshan and Lin, Liang and Shi, Yukai},
	journal={IEEE Transactions on Multimedia}, 
	title={Real-World Image Super-Resolution by Exclusionary Dual-Learning}, 
	year={June 2022},
	pages={1-13},
}

@article{isogawa2019better,
	title={Which is the Better Inpainted Image? {Training} Data Generation without Any Manual Operations},
	author={Isogawa, Mariko and Mikami, Dan and Takahashi, Kosuke and Iwai, Daisuke and Sato, Kosuke and Kimata, Hideaki},
	journal={International Journal of Computer Vision},
	volume={127},
	number={11},
	pages={1751-1766},
	year={Dec. 2019},
}

@inproceedings{zhang2019ranksrgan,
	title={{RankSRGAN}: Generative Adversarial Networks with Ranker for Image Super-Resolution},
	author={Zhang, Wenlong and Liu, Yihao and Dong, Chao and Qiao, Yu},
	booktitle={Proceedings of the IEEE/CVF International Conference on Computer Vision},
	pages={3096-3105},
	year={Oct. 2019}
}

@article{bosse2017deep,
	author={Bosse, Sebastian and Maniry, Dominique and Muller, Klaus R. and Wiegand, Thomas and Samek, Wojciech},
	journal={IEEE Transactions on Image Processing}, 
	title={Deep Neural Networks for No-Reference and Full-Reference Image Quality Assessment}, 
	year={Jan. 2018},
	volume={27},
	number={1},
	pages={206-219},
}

@article{bt2020methodologies,
	title={Methodologies for the Subjective Assessment of the Quality of Television Images, Document {Recommendation ITU-R BT.500-14 (10/2019)}},
	author={ITU-R BT.500-14},
	url={https://www.itu.int/dms_pubrec/itu-r/rec/bt/R-REC-BT.500-14-201910-I!!PDF-E.pdf},
	pages={1-100},
	year={2019}
}

@article{li2016toward,
	title={Toward a Practical Perceptual Video Quality Metric},
	author={Li, Zhi and Aaron, Anne and Katsavounidis, Ioannis and Moorthy, Anush and Manohara, Megha},
	journal={The Netflix Tech Blog},
	volume={6},
	number={2},
	year={June 2016},
	url={https://netflixtechblog.com/toward-a-practical-perceptual-video-quality-metric-653f208b9652}
}

@book{wang2006modern,
	title={Modern Image Quality Assessment},
	author={Wang, Zhou and Bovik, Alan C.},
	journal={Synthesis Lectures on Image, Video, and Multimedia Processing},
	volume={2},
	number={1},
	pages={1-146},
	year={2006},
}

@article{wang2004image,
	title={Image Quality Assessment: From Error Visibility to Structural Similarity},
	author={Wang, Zhou and Bovik, Alan C. and Sheikh, Hamid R. and Simoncelli, Eero P.},
	journal={IEEE Transactions on Image Processing},
	volume={13},
	number={4},
	pages={600-612},
	year={Apr. 2004},
}

@article{sheikh2006image,
	title={Image Information and Visual Quality},
	author={Sheikh, Hamid R. and Bovik, Alan C.},
	journal={IEEE Transactions on Image Processing},
	volume={15},
	number={2},
	pages={430-444},
	year={Feb. 2006},
}

@inproceedings{kang2014convolutional,
	title={Convolutional Neural Networks for No-reference Image Quality Assessment},
	author={Kang, Le and Ye, Peng and Li, Yi and Doermann, David},
	booktitle={Proceedings of the IEEE/CVF Conference on Computer Vision and Pattern Recognition},
	pages={1733-1740},
	year={June 2014}
}

@article{zhu2014no,
	title={No-Reference Video Quality Assessment Based on Artifact Measurement and Statistical Analysis},
	author={Zhu, Kongfeng and Li, Chengqing and Asari, Vijayan and Saupe, Dietmar},
	journal={IEEE Transactions on Circuits and Systems for Video Technology},
	volume={25},
	number={4},
	pages={533-546},
	year={Apr. 2015},
}

@inproceedings{liu2018end,
	title={End-to-end Blind Quality Assessment of Compressed Videos Using Deep Neural Networks},
	author={Liu, Wentao and Duanmu, Zhengfang and Wang, Zhou},
	booktitle={Proceedings of the 26th ACM international conference on Multimedia},
	pages={546-554},
	year={Oct. 2018}
}

@article{bommasani2021opportunities,
	title={On the Opportunities and Risks of Foundation Models},
	author={Rishi Bommasani and Drew A. Hudson and Ehsan Adeli and Russ Altman and Simran Arora and Sydney von Arx and Michael S. Bernstein and Jeannette Bohg and Antoine Bosselut and Emma Brunskill and Erik Brynjolfsson and S. Buch and Dallas Card and Rodrigo Castellon and Niladri S. Chatterji and Annie S. Chen and Kathleen A. Creel and Jared Davis and Dora Demszky and Chris Donahue and Moussa Doumbouya and Esin Durmus and Stefano Ermon and John Etchemendy and Kawin Ethayarajh and Li Fei-Fei and Chelsea Finn and Trevor Gale and Lauren E. Gillespie and Karan Goel and Noah D. Goodman and Shelby Grossman and Neel Guha and Tatsunori Hashimoto and Peter Henderson and John Hewitt and Daniel E. Ho and Jenny Hong and Kyle Hsu and Jing Huang and Thomas F. Icard and Saahil Jain and Dan Jurafsky and Pratyusha Kalluri and Siddharth Karamcheti and Geoff Keeling and Fereshte Khani and O. Khattab and Pang Wei Koh and Mark S. Krass and Ranjay Krishna and Rohith Kuditipudi and Ananya Kumar and Faisal Ladhak and Mina Lee and Tony Lee and Jure Leskovec and Isabelle Levent and Xiang Lisa Li and Xuechen Li and Tengyu Ma and Ali Malik and Christopher D. Manning and Suvir P. Mirchandani and Eric Mitchell and Zanele Munyikwa and Suraj Nair and Avanika Narayan and Deepak Narayanan and Benjamin Newman and Allen Nie and Juan Carlos Niebles and Hamed Nilforoshan and J. F. Nyarko and Giray Ogut and Laurel Orr and Isabel Papadimitriou and Joon Sung Park and Chris Piech and Eva Portelance and Christopher Potts and Aditi Raghunathan and Robert Reich and Hongyu Ren and Frieda Rong and Yusuf H. Roohani and Camilo Ruiz and Jack Ryan and Christopher R'e and Dorsa Sadigh and Shiori Sagawa and Keshav Santhanam and Andy Shih and Krishna Parasuram Srinivasan and Alex Tamkin and Rohan Taori and Armin W. Thomas and Florian Tram{\'e}r and Rose E. Wang and William Wang and Bohan Wu and Jiajun Wu and Yuhuai Wu and Sang Michael Xie and Michihiro Yasunaga and Jiaxuan You and Matei A. Zaharia and Michael Zhang and Tianyi Zhang and Xikun Zhang and Yuhui Zhang and Lucia Zheng and Kaitlyn Zhou and Percy Liang},
	journal={arXiv preprint arXiv:2108.07258},
	pages={1-214},
	year={2021}
}

@inproceedings{ke2021musiq,
	title={{MUSIQ}: Multi-Scale Image Quality {Transformer}},
	author={Ke, Junjie and Wang, Qifei and Wang, Yilin and Milanfar, Peyman and Yang, Feng},
	booktitle={Proceedings of the IEEE/CVF International Conference on Computer Vision},
	pages={5148-5157},
	year={Oct. 2021}
}

@article{wang2011reduced,
	title={Reduced-and No-Reference Image Quality Assessment},
	author={Wang, Zhou and Bovik, Alan C.},
	journal={IEEE Signal Processing Magazine},
	volume={28},
	number={6},
	pages={29-40},
	year={Nov. 2011},
}

@inproceedings{kang2015simultaneous,
	title={Simultaneous Estimation of Image Quality and Distortion via Multi-Task Convolutional Neural Networks},
	author={Kang, Le and Ye, Peng and Li, Yi and Doermann, David},
	booktitle={Proceedings of the IEEE International Conference on Image Processing},
	pages={2791-2795},
	year={Sept. 2015},
}

@article{ma2017end,
	title={End-to-end Blind Image Quality Assessment using Deep Neural Networks},
	author={Ma, Kede and Liu, Wentao and Zhang, Kai and Duanmu, Zhengfang and Wang, Zhou and Zuo, Wangmeng},
	journal={IEEE Transactions on Image Processing},
	volume={27},
	number={3},
	pages={1202-1213},
	year={Mar. 2018},
}

@inproceedings{su2020blindly,
	title={Blindly Assess Image Quality in the Wild Guided by a Self-Adaptive Hyper Network},
	author={Su, Shaolin and Yan, Qingsen and Zhu, Yu and Zhang, Cheng and Ge, Xin and Sun, Jinqiu and Zhang, Yanning},
	booktitle={Proceedings of the IEEE/CVF Conference on Computer Vision and Pattern Recognition},
	pages={3667-3676},
	year={June 2020}
}

@article{livedataset,
	title={A Statistical Evaluation of Recent Full Reference Image Quality Assessment Algorithms},
	author={Sheikh, Hamid R. and Sabir, Muhammad F. and Bovik, Alan C.},
	journal={IEEE Transactions on Image Processing},
	volume={15},
	number={11},
	pages={3440-3451},
	year={Nov. 2006},
}

@article{zhang2018blind,
	title={Blind Image Quality Assessment Using a Deep Bilinear Convolutional Neural Network},
	author={Zhang, Weixia and Ma, Kede and Yan, Jia and Deng, Dexiang and Wang, Zhou},
	journal={IEEE Transactions on Circuits and Systems for Video Technology},
	volume={30},
	number={1},
	pages={36-47},
	year={Jan. 2020},
}

@article{wu2020end,
	title={End-to-end Blind Image Quality Prediction with Cascaded Deep Neural Network},
	author={Wu, Jinjian and Ma, Jupo and Liang, Fuhu and Dong, Weisheng and Shi, Guangming and Lin, Weisi},
	journal={IEEE Transactions on Image Processing},
	volume={29},
	pages={7414-7426},
	year={June 2020},
}

@inproceedings{bosse2016deep,
	title={A Deep Neural Network for Image Quality Assessment},
	author={Bosse, Sebastian and Maniry, Dominique and Wiegand, Thomas and Samek, Wojciech},
	booktitle={Proceedings of the IEEE International Conference on Image Processing},
	pages={3773-3777},
	year={Aug. 2016},
}

@article{guan2017visual,
	title={Visual Importance and Distortion Guided Deep Image Quality Assessment Framework},
	author={Guan, Jingwei and Yi, Shuai and Zeng, Xingyu and Cham, Wai-Kuen and Wang, Xiaogang},
	journal={IEEE Transactions on Multimedia},
	volume={19},
	number={11},
	pages={2505-2520},
	year={Nov. 2017},
}

@article{jia2018saliency,
	title={Saliency-Based Deep Convolutional Neural Network for No-reference Image Quality Assessment},
	author={Jia, Sen and Zhang, Yang},
	journal={Multimedia Tools and Applications},
	volume={77},
	number={12},
	pages={14859-14872},
	year={June 2018},
}

@inproceedings{yang2019sgdnet,
	title={{SGDNet}: An end-to-end Saliency-Guided Deep Neural Network for No-Reference Image Quality Assessment},
	author={Yang, Sheng and Jiang, Qiuping and Lin, Weisi and Wang, Yongtao},
	booktitle={Proceedings of the 27th ACM International Conference on Multimedia},
	pages={1383-1391},
	year={Oct. 2019}
}

@article{kim2017deep,
	title={Deep Convolutional Neural Models for Picture-quality Prediction: Challenges and Solutions to Data-driven Image Quality Assessment},
	author={Kim, Jongyoo and Zeng, Hui and Ghadiyaram, Deepti and Lee, Sanghoon and Zhang, Lei and Bovik, Alan C.},
	journal={IEEE Signal Processing Magazine},
	volume={34},
	number={6},
	pages={130-141},
	year={Nov. 2017},
}

@article{kim2016fully,
	title={Fully Deep Blind Image Quality Predictor},
	author={Kim, Jongyoo and Lee, Sanghoon},
	journal={IEEE Journal of Selected Topics in Signal Processing},
	volume={11},
	number={1},
	pages={206-220},
	year={Feb. 2017},
}

@inproceedings{lin2018hallucinated,
	title={{Hallucinated-IQA}: No-reference Image Quality Assessment via Adversarial Learning},
	author={Lin, Kwan-Yee and Wang, Guanxiang},
	booktitle={Proceedings of the IEEE/CVF Conference on Computer Vision and Pattern Recognition},
	pages={732-741},
	year={June 2018}
}

@article{chen2020no,
	title={No-Reference Image Quality Assessment: An Attention Driven Approach},
	author={Chen, Diqi and Wang, Yizhou and Gao, Wen},
	journal={IEEE Transactions on Image Processing},
	volume={29},
	pages={6496-6506},
	year={May 2020},
}

@article{min2017blind,
	title={Blind Quality Assessment Based on Pseudo-reference Image},
	author={Min, Xiongkuo and Gu, Ke and Zhai, Guangtao and Liu, Jing and Yang, Xiaokang and Chen, Chang-Wen},
	journal={IEEE Transactions on Multimedia},
	volume={20},
	number={8},
	pages={2049-2062},
	year={Aug. 2018},
}

@article{ma2017dipiq,
	title={{dipIQ}: Blind Image Quality Assessment by Learning-to-Rank Discriminable Image Pairs},
	author={Ma, Kede and Liu, Wentao and Liu, Tongliang and Wang, Zhou and Tao, Dacheng},
	journal={IEEE Transactions on Image Processing},
	volume={26},
	number={8},
	pages={3951-3964},
	year={Aug. 2017},
}

@inproceedings{liu2017rankiqa,
	title={{RankIQA}: Learning from Rankings for No-reference Image Quality Assessment},
	author={Liu, Xialei and Van De W., Joost and Bagdanov, Andrew D.},
	booktitle={Proceedings of the IEEE/CVF International Conference on Computer Vision},
	pages={1040-1049},
	year={Oct. 2017}
}

@book{wandell1995foundations,
	title={Foundations of Vision},
	author={Wandell, Brian A.},
	year={Apr. 1996},
	journal={Color Research \& Application},
}

@article{moorthy2011blind,
	title={Blind Image Quality Assessment: From Natural Scene Statistics to Perceptual Quality},
	author={Moorthy, Anush K. and Bovik, Alan C.},
	journal={IEEE Transactions on Image Processing},
	volume={20},
	number={12},
	pages={3350-3364},
	year={Dec. 2011},
}

@article{ghadiyaram2017perceptual,
	title={Perceptual Quality Prediction on Authentically Distorted Images Using a Bag of Features Approach},
	author={Ghadiyaram, Deepti and Bovik, Alan C.},
	journal={Journal of Vision},
	volume={17},
	number={32},
	pages={1-25},
	year={Jan. 2017},
}

@article{xu2016blind,
	title={Blind Image Quality Assessment based on High Order Statistics Aggregation},
	author={Xu, Jingtao and Ye, Peng and Li, Qiaohong and Du, Haiqing and Liu, Yong and Doermann, David},
	journal={IEEE Transactions on Image Processing},
	volume={25},
	number={9},
	pages={4444-4457},
	year={Sept. 2016},
}

@inproceedings{ye2012unsupervised,
	title={Unsupervised Feature Learning Framework for No-Reference Image Quality Assessment},
	author={Ye, Peng and Kumar, Jayant and Kang, Le and Doermann, David},
	booktitle={Proceedings of the IEEE/CVF Conference on Computer Vision and Pattern Recognition},
	pages={1098-1105},
	year={June 2012},
}

@article{xue2014blind,
	title={Blind Image Quality Assessment Using Joint Statistics of Gradient Magnitude and Laplacian Features},
	author={Xue, Wufeng and Mou, Xuanqin and Zhang, Lei and Bovik, Alan C. and Feng, Xiangchu},
	journal={IEEE Transactions on Image Processing},
	volume={23},
	number={11},
	pages={4850-4862},
	year={Nov. 2014},
}

@article{saad2012blind,
	title={Blind Image Quality Assessment: A Natural Scene Statistics Approach in the {DCT} Domain},
	author={Saad, Michele A. and Bovik, Alan C. and Charrier, Christophe},
	journal={IEEE Transactions on Image Processing},
	volume={21},
	number={8},
	pages={3339-3352},
	year={Aug. 2012},
}

@inproceedings{wainwright1999scale,
	title={Scale Mixtures of Gaussians and the Statistics of Natural Images},
	author={Wainwright, Martin J. and Simoncelli, Eero P.},
	booktitle={Proceedings of the International Conference on Neural Information Processing Systems},
	volume={12},
	pages={855-861},
	year={Dec. 1999},
}

@inproceedings{lyu2008nonlinear,
	title={Nonlinear Extraction of `Independent Components' of Elliptically Symmetric Densities using Radial Gaussianization},
	author={Lyu, Siwei and Simoncelli, Eero P.},
	booktitle={YORK UNIVERSITY},
	pages={1485-1519},
	year={Apr. 2008},
}

@article{liu2014no,
	title={No-Reference Image Quality Assessment based on Spatial and Spectral Entropies},
	author={Liu, Lixiong and Liu, Bao and Huang, Hua and Bovik, Alan C.},
	journal={Signal Processing: Image Communication},
	volume={29},
	number={8},
	pages={856-863},
	year={June 2014},
}

@article{redi2010color,
	title={Color Distribution Information for the Reduced-Reference Assessment of Perceived Image Quality},
	author={Redi, Judith A. and Gastaldo, Paolo and Heynderickx, Ingrid and Zunino, Rodolfo},
	journal={IEEE Transactions on Circuits and Systems for Video Technology},
	volume={20},
	number={12},
	pages={1757-1769},
	year={Dec. 2010},
}

@article{wu2013reduced,
	title={Reduced-Reference Image Quality Assessment with Visual Information Fidelity},
	author={Wu, Jinjian and Lin, Weisi and Shi, Guangming and Liu, Anmin},
	journal={IEEE Transactions on Multimedia},
	volume={15},
	number={7},
	pages={1700-1705},
	year={Nov. 2013},
}

@article{bampis2017speed,
	title={{SpEED-QA}: Spatial Efficient Entropic Differencing for Image and Video Quality},
	author={Bampis, Christos G. and Gupta, Praful and Soundararajan, Rajiv and Bovik, Alan C.},
	journal={IEEE Signal Processing Letters},
	volume={24},
	number={9},
	pages={1333-1337},
	year={Sept. 2017},
}

@article{liu2017reduced,
	title={Reduced-Reference Image Quality Assessment in Free-Energy Principle and Sparse Representation},
	author={Liu, Yutao and Zhai, Guangtao and Gu, Ke and Liu, Xianming and Zhao, Debin and Gao, Wen},
	journal={IEEE Transactions on Multimedia},
	volume={20},
	number={2},
	pages={379-391},
	year={Feb. 2018},
}

@article{wang2006quality,
	title={Quality-Aware Images},
	author={Wang, Zhou and Wu, Guixing and Sheikh, Hamid R. and Simoncelli, Eero P. and Yang, En-Hui and Bovik, Alan C.},
	journal={IEEE Transactions on Image Processing},
	volume={15},
	number={6},
	pages={1680-1689},
	year={June 2006},
}

@article{soundararajan2011rred,
	title={{RRED Indices}: Reduced Reference Entropic Differencing for Image Quality Assessment},
	author={Soundararajan, Rajiv and Bovik, Alan C.},
	journal={IEEE Transactions on Image Processing},
	volume={21},
	number={2},
	pages={517-526},
	year={Feb. 2012},
}

@article{ma2011reduced,
	title={Reduced-Reference Image Quality Assessment Using Reorganized {DCT}-Based Image Representation},
	author={Ma, Lin and Li, Songnan and Zhang, Fan and Ngan, King N.},
	journal={IEEE Transactions on Multimedia},
	volume={13},
	number={4},
	pages={824-829},
	year={Aug. 2011},
}

@article{rehman2012reduced,
	title={Reduced-Reference Image Quality Assessment by Structural Similarity Estimation},
	author={Rehman, Abdul and Wang, Zhou},
	journal={IEEE Transactions on Image Processing},
	volume={21},
	number={8},
	pages={3378-3389},
	year={Aug. 2012},
}

@article{golestaneh2016reduced,
	title={Reduced-Reference Quality Assessment Based on the Entropy of {DWT} Coefficients of Locally Weighted Gradient Magnitudes},
	author={Golestaneh, SeyedAlireza and Karam, Lina J.},
	journal={IEEE Transactions on Image Processing},
	volume={25},
	number={11},
	pages={5293-5303},
	year={Nov. 2016},
}

@article{xu2015fractal,
	title={Fractal Analysis for Reduced Reference Image Quality Assessment},
	author={Xu, Yong and Liu, Delei and Quan, Yuhui and Le C., Patrick},
	journal={IEEE Transactions on Image Processing},
	volume={24},
	number={7},
	pages={2098-2109},
	year={July 2015},
}

@inproceedings{daly1992visible,
	title={Visible Differences Predictor: An Algorithm for the Assessment of Image Fidelity},
	author={Daly, Scott J.},
	booktitle={Human Vision, Visual Processing, and Digital Display III},
	volume={1666},
	pages={2-15},
	year={Aug. 1992},
}

@incollection{lubin1993use,
	title={The Use of Psychophysical Data and Models in the Analysis of Display System Performance},
	author={Lubin, Jeffrey},
	booktitle={Digital Images and Human Vision},
	pages={163-178},
	year={Oct. 1993}
}

@article{watson1997visibility,
	title={Visibility of Wavelet Quantization Noise},
	author={Watson, Andrew B. and Yang, Gloria Y. and Solomon, Joshua A. and Villasenor, John},
	journal={IEEE Transactions on Image Processing},
	volume={6},
	number={8},
	pages={1164-1175},
	year={Aug. 1997},
}

@inproceedings{wang2003multiscale,
	title={Multiscale Structural Similarity for Image Quality Assessment},
	author={Wang, Zhou and Simoncelli, Eero P. and Bovik, Alan C.},
	booktitle={The 37th Asilomar Conference on Signals, Systems and Computers},
	volume={2},
	pages={1398-1402},
	year={Nov. 2003},
}

@article{sampat2009complex,
	title={Complex Wavelet Structural Similarity: A New Image Similarity Index},
	author={Sampat, Mehul P. and Wang, Zhou and Gupta, Shalini and Bovik, Alan C. and Markey, Mia K.},
	journal={IEEE Transactions on Image Processing},
	volume={18},
	number={11},
	pages={2385-2401},
	year={Nov. 2009},
}

@article{wang2010information,
	title={Information Content Weighting for Perceptual Image Quality Assessment},
	author={Wang, Zhou and Li, Qiang},
	journal={IEEE Transactions on Image Processing},
	volume={20},
	number={5},
	pages={1185-1198},
	year={May 2011},
}

@article{zhang2011fsim,
	title={{FSIM}: A Feature Similarity Index for Image Quality Assessment},
	author={Zhang, Lin and Zhang, Lei and Mou, Xuanqin and Zhang, David},
	journal={IEEE Transactions on Image Processing},
	volume={20},
	number={8},
	pages={2378-2386},
	year={Aug. 2011},
}

@inproceedings{liang2016image,
	title={Image Quality Assessment Using Similar Scene as Reference},
	author={Liang, Yudong and Wang, Jinjun and Wan, Xingyu and Gong, Yihong and Zheng, Nanning},
	booktitle={Proceedings of the European Conference on Computer Vision},
	pages={3-18},
	year={Oct. 2016},
}

@article{gao2017deepsim,
	title={{DeepSim}: Deep Similarity for Image Quality Assessment},
	author={Gao, Fei and Wang, Yi and Li, Panpeng and Tan, Min and Yu, Jun and Zhu, Yani},
	journal={Neurocomputing},
	volume={257},
	pages={104-114},
	year={Sept. 2017},
}

@inproceedings{kim2017deep,
	title={Deep Learning of Human Visual Sensitivity in Image Quality Assessment Framework},
	author={Kim, Jongyoo and Lee, Sanghoon},
	booktitle={Proceedings of the IEEE/CVF Conference on Computer Vision and Pattern Recognition},
	pages={1676-1684},
	year={June 2017}
}

@inproceedings{prashnani2018pieapp,
	title={{PieAPP}: Perceptual Image-Error Assessment through Pairwise Preference},
	author={Prashnani, Ekta and Cai, Hong and Mostofi, Yasamin and Sen, Pradeep},
	booktitle={Proceedings of the IEEE/CVF Conference on Computer Vision and Pattern Recognition},
	pages={1808-1817},
	year={June 2018}
}

@article{Ma2016Ranking,
	author={Ma, Lin and Xu, Long and Zhang, Yichi and Yan, Yihua and Ngan, King N.},
	journal={IEEE Transactions on Multimedia}, 
	title={No-Reference Retargeted Image Quality Assessment Based on Pairwise Rank Learning}, 
	year={Nov. 2016},
	volume={18},
	number={11},
	pages={2228-2237},
}

@article{Xu2017Ranking,
	author={Xu, Long and Li, Jia and Lin, Weisi and Zhang, Yongbing and Ma, Lin and Fang, Yuming and Yan, Yihua},
	journal={IEEE Transactions on Circuits and Systems for Video Technology}, 
	title={Multi-Task Rank Learning for Image Quality Assessment}, 
	year={Sept. 2017},
	volume={27},
	number={9},
	pages={1833-1843},
}

@article{sun2022graphiqa,
	author={Sun, Simeng and Yu, Tao and Xu, Jiahua and Zhou, Wei and Chen, Zhibo},
	journal={IEEE Transactions on Multimedia}, 
	title={{GraphIQA}: Learning Distortion Graph Representations for Blind Image Quality Assessment}, 
	year={Feb. 2022},
}

@inproceedings{golestaneh2021no,
	title={No-Reference Image Quality Assessment via {Transformers}, Relative Ranking, and Self-Consistency},
	author={Golestaneh, Alireza S. and Dadsetan, Saba and Kitani, Kris M.},
	booktitle={IEEE Winter Conference on Applications of Computer Vision},
	pages={3209-3218},
	year={Jan. 2022}
}

@article{friston2010free,
	title={The Free-Energy Principle: A Unified Brain Theory?},
	author={Friston, Karl},
	journal={Nature Reviews Neuroscience},
	volume={11},
	number={2},
	pages={127-138},
	year={Feb. 2010},
}

@article{Zhai2012,
	author={Zhai, Guangtao and Wu, Xiaolin and Yang, Xiaokang and Lin, Weisi and Zhang, Wenjun},
	journal={IEEE Transactions on Image Processing}, 
	title={A Psychovisual Quality Metric in Free-Energy Principle}, 
	year={Jan. 2012},
	volume={21},
	number={1},
	pages={41-52},
}

@inproceedings{wang2002no,
	author={Zhou Wang and Sheikh, Hamid R. and Bovik, Alan C.},
	booktitle={Proceedings of the IEEE International Conference on Image Processing}, 
	title={No-Reference Perceptual Quality Assessment of {JPEG} Compressed Images}, 
	year={Sept. 2002},
	volume={1},
	number={},
	pages={477-480},
}

@article{sheikh2005no,
	author={Sheikh, Hamid R. and Bovik, Alan C. and Cormack, Lawrence K.},
	journal={IEEE Transactions on Image Processing}, 
	title={No-Reference Quality Assessment Using Natural Scene Statistics: {JPEG2000}},
	year={Nov. 2005},
	volume={14},
	number={11},
	pages={1918-1927},
}

@inproceedings{wang2003local,
	title={Local Phase Coherence and the Perception of Blur},
	author={Wang, Zhou and Simoncelli, Eero P.},
	journal={Proceedings of the International Conference on Neural Information Processing Systems},
	volume={16},
	year={Dec. 2003}
}

@article{liu2009no,
	author={Liu, Hantao and Klomp, Nick and Heynderickx, Ingrid},
	journal={IEEE Transactions on Circuits and Systems for Video Technology}, 
	title={A No-Reference Metric for Perceived Ringing Artifacts in Images}, 
	year={Apr. 2010},
	volume={20},
	number={4},
	pages={529-539},
}

@article{sheikh2005information,
	title={An Information Fidelity Criterion for Image Quality Assessment Using Natural Scene Statistics},
	author={Sheikh, Hamid R. and Bovik, Alan C. and De-Veciana, Gustavo},
	journal={IEEE Transactions on Image Processing},
	volume={14},
	number={12},
	pages={2117-2128},
	year={Dec. 2005},
}

@article{ye2012no,
	title={No-Reference Image Quality Assessment Using Visual Codebooks},
	author={Ye, Peng and Doermann, David},
	journal={IEEE Transactions on Image Processing},
	volume={21},
	number={7},
	pages={3129-3138},
	year={July 2012},
}

@inproceedings{xue2013learning,
	title={Learning Without Human Scores for Blind Image Quality Assessment},
	author={Xue, Wufeng and Zhang, Lei and Mou, Xuanqin},
	booktitle={Proceedings of the IEEE/CVF Conference on Computer Vision and Pattern Recognition},
	pages={995-1002},
	year={June 2013}
}

@article{mittal2012making,
	title={Making A ``Completely Blind'' Image Quality Analyzer},
	author={Mittal, Anish and Soundararajan, Rajiv and Bovik, Alan C.},
	journal={IEEE Signal Processing Letters},
	volume={20},
	number={3},
	pages={209-212},
	year={Mar. 2013},
}

@article{zhang2015feature,
	title={A Feature-Enriched Completely Blind Image Quality Evaluator},
	author={Zhang, Lin and Zhang, Lei and Bovik, Alan C.},
	journal={IEEE Transactions on Image Processing},
	volume={24},
	number={8},
	pages={2579-2591},
	year={Aug. 2015},
}

@article{saad2010dct,
	title={A {DCT} Statistics-Based Blind Image Quality Index},
	author={Saad, Michele A. and Bovik, Alan C. and Charrier, Christophe},
	journal={IEEE Signal Processing Letters},
	volume={17},
	number={6},
	pages={583-586},
	year={June 2010},
}

@article{moorthy2010two,
	title={A Two-Step Framework for Constructing Blind Image Quality Indices},
	author={Moorthy, Anush K. and Bovik, Alan C.},
	journal={IEEE Signal Processing Letters},
	volume={17},
	number={5},
	pages={513-516},
	year={May 2010},
}

@inproceedings{tang2011learning,
	title={Learning A Blind Measure of Perceptual Image Quality},
	author={Tang, Huixuan and Joshi, Neel and Kapoor, Ashish},
	booktitle={Proceedings of the IEEE/CVF Conference on Computer Vision and Pattern Recognition},
	pages={305-312},
	year={June 2011},
}

@article{gao2013universal,
	title={Universal Blind Image Quality Assessment Metrics via Natural Scene Statistics and Multiple Kernel Learning},
	author={Gao, Xinbo and Gao, Fei and Tao, Dacheng and Li, Xuelong},
	journal={IEEE Transactions on Neural Networks and Learning Systems},
	volume={24},
	number={12},
	pages={2013-2026},
	year={Dec. 2013},
}

@article{zhang2014c,
	title={{C-DIIVINE}: No-Reference Image Quality Assessment based on Local Magnitude and Phase Statistics of Natural Scenes},
	author={Zhang, Yi and Moorthy, Anush K. and Chandler, Damon M. and Bovik, Alan C.},
	journal={Signal Processing: Image Communication},
	volume={29},
	number={7},
	pages={725-747},
	year={Aug. 2014},
}

@article{lu2010no,
	title={No-Reference Image Quality Assessment in Contourlet Domain},
	author={Lu, Wen and Zeng, Kai and Tao, Dacheng and Yuan, Yuan and Gao, Xinbo},
	journal={Neurocomputing},
	volume={73},
	number={4-6},
	pages={784-794},
	year={Jan. 2010},
}

@article{liu2014no,
	title={No-Reference Image Quality Assessment in Curvelet Domain},
	author={Liu, Lixiong and Dong, Hongping and Huang, Hua and Bovik, Alan C.},
	journal={Signal Processing: Image Communication},
	volume={29},
	number={4},
	pages={494-505},
	year={Apr. 2014},
}

@inproceedings{zhang2015som,
	title={{SOM}: Semantic Obviousness Metric for Image Quality Assessment},
	author={Zhang, Peng and Zhou, Wengang and Wu, Lei and Li, Houqiang},
	booktitle={Proceedings of the IEEE/CVF Conference on Computer Vision and Pattern Recognition},
	pages={2394-2402},
	year={June 2015}
}

@inproceedings{tang2014blind,
	title={Blind Image Quality Assessment Using Semi-Supervised Rectifier Networks},
	author={Tang, Huixuan and Joshi, Neel and Kapoor, Ashish},
	booktitle={Proceedings of the IEEE/CVF Conference on Computer Vision and Pattern Recognition},
	pages={2877-2884},
	year={June 2014}
}

@article{gu2017blind,
	title={Blind Image Quality Assessment via Vector Regression and Object Oriented Pooling},
	author={Gu, Jie and Meng, Gaofeng and Redi, Judith A. and Xiang, Shiming and Pan, Chunhong},
	journal={IEEE Transactions on Multimedia},
	volume={20},
	number={5},
	pages={1140-1153},
	year={May 2018},
}

@article{talebi2018nima,
	title={{NIMA}: Neural Image Assessment},
	author={Talebi, Hossein and Milanfar, Peyman},
	journal={IEEE Transactions on Image Processing},
	volume={27},
	number={8},
	pages={3998-4011},
	year={Aug. 2018},
}

@article{zeng2017probabilistic,
	title={A Probabilistic Quality Representation Approach to Deep Blind Image Quality Prediction},
	author={Zeng, Hui and Zhang, Lei and Bovik, Alan C.},
	journal={arXiv preprint arXiv:1708.08190},
	pages={1-12},
	year={2017}
}

@inproceedings{yang2019comparative,
	title={A Comparative Study of {DNN}-based Models for Blind Image Quality Prediction},
	author={Yang, Xiaohan and Li, Fan and Liu, Hantao},
	booktitle={Proceedings of the IEEE International Conference on Image Processing},
	pages={1019-1023},
	year={Sept. 2019},
}

@article{friston2006free,
	title={A Free Energy Principle for the Brain},
	author={Friston, Karl and Kilner, James and Harrison, Lee},
	journal={Journal of Physiology-Paris},
	volume={100},
	number={1-3},
	pages={70-87},
	year={July 2006},
}

@article{goodfellow2020generative,
	title={Generative Adversarial Networks},
	author = {Goodfellow, Ian and Pouget-Abadie, Jean and Mirza, Mehdi and Xu, Bing and Warde-Farley, David and Ozair, Sherjil and Courville, Aaron and Bengio, Yoshua},
	journal={Communications of the ACM},
	volume={63},
	number={11},
	pages={139-144},
	year={Nov. 2020},
}

@inproceedings{wang2018non,
	title={Non-Local Neural Networks},
	author={Wang, Xiaolong and Girshick, Ross and Gupta, Abhinav and He, Kaiming},
	booktitle={Proceedings of the IEEE/CVF Conference on Computer Vision and Pattern Recognition},
	pages={7794-7803},
	year={June 2018}
}

@inproceedings{szegedy2015going,
	title={Going Deeper with Convolutions},
	author={Szegedy, Christian and Liu, Wei and Jia, Yangqing and Sermanet, Pierre and Reed, Scott and Anguelov, Dragomir and Erhan, Dumitru and Vanhoucke, Vincent and Rabinovich, Andrew},
	booktitle={Proceedings of the IEEE/CVF Conference on Computer Vision and Pattern Recognition},
	pages={1-9},
	year={June 2015}
}

@inproceedings{yue2018compact,
	title={Compact Generalized Non-Local Network},
	author={Yue, Kaiyu and Sun, Ming and Yuan, Yuchen and Zhou, Feng and Ding, Errui and Xu, Fuxin},
	journal={Proceedings of the International Conference on Neural Information Processing Systems},
	volume={31},
	pages={6510-6519},
	year={Dec. 2018}
}

@inproceedings{she2021hierarchical,
	title={Hierarchical Layout-Aware Graph Convolutional Network for Unified Aesthetics Assessment},
	author={She, Dongyu and Lai, Yu-Kun and Yi, Gaoxiong and Xu, Kun},
	booktitle={Proceedings of the IEEE/CVF Conference on Computer Vision and Pattern Recognition},
	pages={8475-8484},
	year={June 2021}
}

@inproceedings{zhang2019self,
	title={Self-Attention Generative Adversarial Networks},
	author={Zhang, Han and Goodfellow, Ian and Metaxas, Dimitris and Odena, Augustus},
	booktitle={Proceedings of the International Conference on Machine Learning},
	pages={7354-7363},
	year={July 2019},
}

@article{zhu2003statistical,
	title={Statistical Modeling and Conceptualization of Visual Patterns},
	author={Zhu, Song-Chun},
	journal={IEEE Transactions on Pattern Analysis and Machine Intelligence},
	volume={25},
	number={6},
	pages={691-712},
	year={June 2003},
}

@article{sun2018spsim,
	title={{SPSIM}: A Superpixel-Based Similarity Index for Full-Reference Image Quality Assessment},
	author={Sun, Wen and Liao, Qingmin and Xue, Jing-Hao and Zhou, Fei},
	journal={IEEE Transactions on Image Processing},
	volume={27},
	number={9},
	pages={4232-4244},
	year={Sept. 2018},
}

@article{liu2020long,
	title={Long-Range Dependencies and High-Order Spatial Pooling for Deep Model-Based Full-Reference Image Quality Assessment},
	author={Liu, Mengyang and Po, Lai-Man and Xu, Xuyuan and Cheung, Kwok-Wai and Zhao, Yuzhi and Lau, Kin-Wai and Zhou, Chang},
	journal={IEEE Access},
	volume={8},
	pages={72007-72020},
	year={Apr. 2020},
}

@inproceedings{wang2005adaptive,
	title={An Adaptive Linear System Framework for Image Distortion Analysis},
	author={Wang, Zhou and Simoncelli, Eero P.},
	booktitle={Proceedings of the IEEE International Conference on Image Processing},
	volume={3},
	pages={1160-1163},
	year={Sept. 2005},
}

@article{buades2011non,
	title={Non-Local Means Denoising},
	author={Buades, Antoni and Coll, Bartomeu and Morel, Jean M.},
	journal={Image Processing On Line},
	volume={1},
	pages={208-212},
	year={2011}
}

@article{girshick2011cardinal,
	title={Cardinal Rules: Visual Orientation Perception Reflects Knowledge of Environmental Statistics},
	author={Girshick, Ahna R. and Landy, Michael S. and Simoncelli, Eero P.},
	journal={Nature Neuroscience},
	volume={14},
	number={7},
	pages={926-932},
	year={June 2011},
}

@inproceedings{ulyanov2018deep,
	title={Deep Image Prior},
	author={Ulyanov, Dmitry and Vedaldi, Andrea and Lempitsky, Victor},
	booktitle={Proceedings of the IEEE/CVF Conference on Computer Vision and Pattern Recognition},
	pages={9446-9454},
	year={June 2018}
}

@inproceedings{zontak2011internal,
	title={Internal Statistics of A Single Natural Image},
	author={Zontak, Maria and Irani, Michal},
	booktitle={Proceedings of the IEEE/CVF Conference on Computer Vision and Pattern Recognition},
	pages={977-984},
	year={June 2011},
}

@inproceedings{zhang2010non,
	title={Non-Local Kernel Regression for Image and Video Restoration},
	author={Zhang, Haichao and Yang, Jianchao and Zhang, Yanning and Huang, Thomas S.},
	booktitle={Proceedings of the European Conference on Computer Vision},
	pages={566-579},
	year={Oct. 2010},
}

@article{vinje2000sparse,
	title={Sparse Coding and Decorrelation in Primary Visual Cortex during Natural Vision},
	author={Vinje, William E. and Gallant, Jack L.},
	journal={Science},
	volume={287},
	number={5456},
	pages={1273-1276},
	year={Feb. 2000},
}

@article{rao1999predictive,
	title={Predictive Coding in the Visual Cortex: A Functional Interpretation of Some Extra-Classical Receptive-Field Effects},
	author={Rao, Rajesh P. and Ballard, Dana H.},
	journal={Nature Neuroscience},
	volume={2},
	number={1},
	pages={79-87},
	year={Jan. 1999},
}

@article{haider2010synaptic,
	title={Synaptic and Network Mechanisms of Sparse and Reliable Visual Cortical Activity During Nonclassical Receptive Field Stimulation},
	author={Haider, Bilal and Krause, Matthew R. and Duque, Alvaro and Yu, Yuguo and Touryan, Jonathan and Mazer, James A. and McCormick, David A.},
	journal={Neuron},
	volume={65},
	number={1},
	pages={107-121},
	year={Jan. 2010},
}

@article{hubel1968receptive,
	title={Receptive Fields and Functional Architecture of Monkey Striate Cortex},
	author={Hubel, David H. and Wiesel, Torsten N.},
	journal={The Journal of Physiology},
	volume={195},
	number={1},
	pages={215-243},
	year={Mar. 1968},
}

@article{lecun1998gradient,
	title={Gradient-Based Learning Applied to Document Recognition},
	author={LeCun, Yann and Bottou, L{\'e}on and Bengio, Yoshua and Haffner, Patrick},
	journal={Proceedings of the IEEE},
	volume={86},
	number={11},
	pages={2278-2324},
	year={Nov. 1998},
}

@inproceedings{dai2017deformable,
	title={Deformable Convolutional Networks},
	author={Dai, Jifeng and Qi, Haozhi and Xiong, Yuwen and Li, Yi and Zhang, Guodong and Hu, Han and Wei, Yichen},
	booktitle={Proceedings of the IEEE/CVF International Conference on Computer Vision},
	pages={764-773},
	year={Oct. 2017}
}

@inproceedings{glasner2009super,
	title={Super-Resolution From A Single Image},
	author={Glasner, Daniel and Bagon, Shai and Irani, Michal},
	booktitle={Proceedings of the IEEE/CVF International Conference on Computer Vision},
	pages={349-356},
	year={Oct. 2009},
}

@article{irani2019blind,
	title={``{Blind}'' Visual Inference by Composition},
	author={Irani, Michal},
	journal={Pattern Recognition Letters},
	volume={124},
	pages={39-54},
	year={June 2019},
}

@incollection{zontak2018internal,
	title={Internal Versus External Denoising - Benefits and Bounds},
	author={Zontak, Maria and Irani, Michal},
	booktitle={Denoising of Photographic Images and Video},
	pages={151-174},
	year={2018},
}

@inproceedings{mosseri2013combining,
	title={Combining the Power of Internal and External Denoising},
	author={Mosseri, Inbar and Zontak, Maria and Irani, Michal},
	booktitle={Proceedings of the IEEE International Conference on Computational Photography},
	pages={1-9},
	year={Apr. 2013},
}

@inproceedings{zontak2013separating,
	title={Separating Signal from Noise Using Patch Recurrence Across Scales},
	author={Zontak, Maria and Mosseri, Inbar and Irani, Michal},
	booktitle={Proceedings of the IEEE/CVF Conference on Computer Vision and Pattern Recognition},
	pages={1195-1202},
	year={June 2013}
}

@article{dekel2015revealing,
	title={Revealing and Modifying Non-Local Variations in a Single Image},
	author={Dekel, Tali and Michaeli, Tomer and Irani, Michal and Freeman, William T.},
	journal={ACM Transactions on Graphics},
	volume={34},
	number={6},
	pages={1-11},
	year={Nov. 2015},
}

@article{wang2015learning,
	title={Learning Super-Resolution Jointly From External and Internal Examples},
	author={Wang, Zhangyang and Yang, Yingzhen and Wang, Zhaowen and Chang, Shiyu and Yang, Jianchao and Huang, Thomas S.},
	journal={IEEE Transactions on Image Processing},
	volume={24},
	number={11},
	pages={4359-4371},
	year={Nov. 2015},
}

@article{freedman2011image,
	title={Image and Video Upscaling From Local Self-Examples},
	author={Freedman, Gilad and Fattal, Raanan},
	journal={ACM Transactions on Graphics},
	volume={30},
	number={2},
	pages={1-11},
	year={Apr. 2011},
}

@inproceedings{zuckerman2020across,
	title={Across Scales and Across Dimensions: Temporal Super-Resolution Using Deep Internal Learning},
	author={Zuckerman, Liad P. and Naor, Eyal and Pisha, George and Bagon, Shai and Irani, Michal},
	booktitle={Proceedings of the European Conference on Computer Vision},
	pages={52-68},
	year={Oct. 2020},
}

@inproceedings{cheng2020zero,
	title={Zero-Shot Image Super-Resolution With Depth Guided Internal Degradation Learning},
	author={Cheng, Xi and Fu, Zhenyong and Yang, Jian},
	booktitle={Proceedings of the European Conference on Computer Vision},
	pages={265-280},
	year={Oct. 2020},
}

@inproceedings{michaeli2014blind,
	title={Blind Deblurring Using Internal Patch Recurrence},
	author={Michaeli, Tomer and Irani, Michal},
	booktitle={Proceedings of the European Conference on Computer Vision},
	pages={783-798},
	year={Oct. 2014},
}

@inproceedings{shechtman2007matching,
	title={Matching Local Self-Similarities Across Images and Videos},
	author={Shechtman, Eli and Irani, Michal},
	booktitle={Proceedings of the IEEE/CVF Conference on Computer Vision and Pattern Recognition},
	pages={1-8},
	year={June 2007},
}

@article{polat1996neurophysiological,
	title={Neurophysiological Evidence For Contrast Dependent Long-Range Facilitation and Suppression in the Human Visual Cortex},
	author={Polat, Uri and Norcia, Anthony M.},
	journal={Vision Research},
	volume={36},
	number={14},
	pages={2099-2109},
	year={July 1996},
}

@article{zenger1996isolating,
	title={Isolating Excitatory and Inhibitory Nonlinear Spatial Interactions Involved in Contrast Detection},
	author={Zenger, Barbara and Sagi, Dov},
	journal={Vision Research},
	volume={36},
	number={16},
	pages={2497-2513},
	year={Aug. 1996},
}

@inproceedings{vaswani2017attention,
	title={Attention is All You Need},
	author={Vaswani, Ashish and Shazeer, Noam and Parmar, Niki and Uszkoreit, Jakob and Jones, Llion and Gomez, Aidan N. and Kaiser, {\L}ukasz and Polosukhin, Illia},
	booktitle={Proceedings of the International Conference on Neural Information Processing Systems},
	pages={5998-6008},
	year={Dec. 2017}
}

@article{zhao2021battle,
	title={A Battle of Network Structures: An Empirical Study of {CNN}, {Transformer}, and {MLP}},
	author={Zhao, Yucheng and Wang, Guangting and Tang, Chuanxin and Luo, Chong and Zeng, Wenjun and Zha, Zheng-Jun},
	journal={arXiv preprint arXiv:2108.13002},
	pages={1-10},
	year={2021}
}

@inproceedings{hu2018relation,
	title={Relation Networks for Object Detection},
	author={Hu, Han and Gu, Jiayuan and Zhang, Zheng and Dai, Jifeng and Wei, Yichen},
	booktitle={Proceedings of the IEEE/CVF Conference on Computer Vision and Pattern Recognition},
	pages={3588-3597},
	year={June 2018}
}

@inproceedings{gu2018learning,
	title={Learning Region Features for Object Detection},
	author={Gu, Jiayuan and Hu, Han and Wang, Liwei and Wei, Yichen and Dai, Jifeng},
	booktitle={Proceedings of the European Conference on Computer Vision},
	pages={381-395},
	year={Oct. 2018}
}

@inproceedings{chi2020relationnet,
	title={{RelationNet++}: Bridging Visual Representations for Object Detection via {Transformer} Decoder},
	author={Chi, Cheng and Wei, Fangyun and Hu, Han},
	journal={Proceedings of the International Conference on Neural Information Processing Systems},
	volume={33},
	pages={13564-13574},
	year={Dec. 2020}
}

@inproceedings{yin2020disentangled,
	title={Disentangled Non-Local Neural Networks},
	author={Yin, Minghao and Yao, Zhuliang and Cao, Yue and Li, Xiu and Zhang, Zheng and Lin, Stephen and Hu, Han},
	booktitle={Proceedings of the European Conference on Computer Vision},
	pages={191-207},
	year={Oct. 2020},
}

@inproceedings{hu2019local,
	title={Local Relation Networks for Image Recognition},
	author={Hu, Han and Zhang, Zheng and Xie, Zhenda and Lin, Stephen},
	booktitle={Proceedings of the IEEE/CVF International Conference on Computer Vision},
	pages={3464-3473},
	year={Oct. 2019}
}

@inproceedings{cao2019gcnet,
	title={{GCNet}: Non-Local Networks Meet Squeeze-Excitation Networks and Beyond},
	author={Cao, Yue and Xu, Jiarui and Lin, Stephen and Wei, Fangyun and Hu, Han},
	booktitle={Proceedings of the IEEE/CVF International Conference on Computer Vision},
	pages={1-10},
	year={Oct. 2019}
}

@article{9198131,
	author={Mahmoudpour, Saeed and Schelkens, Peter},
	journal={IEEE Signal Processing Letters}, 
	title={Synthesized View Quality Assessment Using Feature Matching and Superpixel Difference}, 
	year={Sept. 2020},
	volume={27},
	number={},
	pages={1650-1654},
}

@inproceedings{clevert2015fast,
	title={Fast and Accurate Deep Network Learning by Exponential Linear Units ({ELUs})},
	author={Clevert, Djork-Arn{\'e} and Unterthiner, Thomas and Hochreiter, Sepp},
	journal={Proceedings of the International Conference on Learning Representations},
	pages={1-14},
	year={May 2016}
}

@inproceedings{maas2013rectifier,
	title={Rectifier Nonlinearities Improve Neural Network Acoustic Models},
	author={Maas, Andrew L. and Hannun, Awni Y. and Ng, Andrew Y.},
	booktitle={Proceedings of the International Conference on Machine Learning},
	volume={30},
	pages={3-8},
	year={July 2013},
}

@inproceedings{velickovic2018graph,
	title={Graph Attention Networks},
	author={Velickovic, Petar and Cucurull, Guillem and Casanova, Arantxa and Romero, Adriana and Lio, Pietro and Bengio, Yoshua},
	booktitle={Proceedings of the International Conference on Learning Representations},
	pages={1-12},
	year={Apr. 2018},
}

@inproceedings{zhou2021understanding,
	author = {Zhou, Kuangqi and Dong, Yanfei and Wang, Kaixin and Lee, Wee-Sun and Hooi, Bryan and Xu, Huan and Feng, Jiashi},
	title = {Understanding and Resolving Performance Degradation in Deep Graph Convolutional Networks},
	year = {Oct. 2021},
	booktitle = {ACM International Conference on Information and Knowledge Management},
	pages = {2728-2737},
}

@inproceedings{kingma2015adam,
	author={Diederik P. Kingma and Jimmy Ba},
	title={{Adam}: A Method for Stochastic Optimization},
	booktitle={Proceedings of the International Conference on Learning Representations},
	pages = {1-15},
	year={May 2015},
}

@article{larson2010most,
	title={Most Apparent Distortion: Full-Reference Image Quality Assessment and the Role of Strategy},
	author={Larson, Eric C. and Chandler, Damon M.},
	journal={Journal of Electronic Imaging},
	volume={19},
	number={1},
	pages={011006},
	year={Jan. 2010},
}

@article{ponomarenko2015image,
	title = {Image Database {TID2013}: Peculiarities, Results and Perspectives},
	journal = {Signal Processing: Image Communication},
	volume = {30},
	pages = {57-77},
	year = {Jan. 2015},
	author = {Ponomarenko, Nikolay and Jin, Lina and Ieremeiev, Oleg and Lukin, Vladimir and Egiazarian, Karen and Astola, Jaakko and Vozel, Benoit and Chehdi, Kacem and Carli, Marco and Battisti, Federica and {Jay Kuo}, C.-C.},
}

@article{achanta2012slic,
	title={{SLIC} Superpixels Compared to State-of-the-art Superpixel Methods},
	author={Achanta, Radhakrishna and Shaji, Appu and Smith, Kevin and Lucchi, Aurelien and Fua, Pascal and S{\"u}sstrunk, Sabine},
	journal={IEEE Transactions on Pattern Analysis and Machine Intelligence},
	volume={34},
	number={11},
	pages={2274-2282},
	year={Nov. 2012},
}

@article{Giraldo2022Graph,
	author={Giraldo, Jhony H. and Javed, Sajid and Bouwmans, Thierry},
	journal={IEEE Transactions on Pattern Analysis and Machine Intelligence}, 
	title={Graph Moving Object Segmentation}, 
	year={May 2022},
	volume={44},
	number={5},
	pages={2485-2503},
}

@inproceedings{liu2013superpixel,
	title={Superpixel-Based Saliency Detection},
	author={Liu, Zhi and Meur, Le and Luo, Shuhua},
	booktitle={2013 14th International Workshop on Image Analysis for Multimedia Interactive Services},
	pages={1-4},
	year={July 2013},
}

@inproceedings{chen2020simple,
	title={Simple and Deep Graph Convolutional Networks},
	author={Chen, Ming and Wei, Zhewei and Huang, Zengfeng and Ding, Bolin and Li, Yaliang},
	booktitle={Proceedings of the International Conference on Machine Learning},
	pages={1725-1735},
	year={July 2020},
}

@inproceedings{dosovitskiy2020image,
	title={An Image is Worth 16x16 Words: {Transformers} for Image Recognition at Scale},
	 author={Dosovitskiy, Alexey and Beyer, Lucas and Kolesnikov, Alexander and Weissenborn, Dirk and Zhai, Xiaohua and Unterthiner, Thomas and  Dehghani, Mostafa and Minderer, Matthias and Heigold, Georg and Gelly, Sylvain and Uszkoreit, Jakob and Houlsby, Neil},
	journal={Proceedings of the International Conference on Learning Representations},
	pages={1-21},
	year={May 2021}
}

@article{liu2021swin,
	title={{Swin Transformer}: Hierarchical Vision {Transformer} Using Shifted Windows},
	author={Liu, Ze and Lin, Yutong and Cao, Yue and Hu, Han and Wei, Yixuan and Zhang, Zheng and Lin, Stephen and Guo, Baining},
    booktitle={Proceedings of the IEEE/CVF International Conference on Computer Vision},
	pages={10012-10022},
	year={Oct. 2021}
}

@article{Huberloss,
	author = {Peter J. Huber},
	title = {Robust Estimation of a Location Parameter},
	volume = {35},
	journal = {The Annals of Mathematical Statistics},
	number = {1},
	pages = {73-101},
	year = {Mar. 1964},
}

@inproceedings{kadid10k,
	title={{KADID-10k}: A Large-Scale Artificially Distorted IQA Database},
	author={Lin, Hanhe and Hosu, Vlad and Saupe, Dietmar},
	booktitle={2019 11th International Conference on Quality of Multimedia Experience},
	pages={1-3},
	year={June 2019},
}

@book{duda1973pattern,
	title={Pattern Classification and Scene Analysis (2nd ed.)},
	author={Duda, Richard O. and Hart, Peter E. and Stork, David G.},
	year={Feb. 1995},
}

@inproceedings{bridle1989training,
	title={Training Stochastic Model Recognition Algorithms as Networks can Lead to Maximum Mutual Information Estimation of Parameters},
	author={Bridle, John},
	journal={Proceedings of the International Conference on Neural Information Processing Systems},
	volume={2},
	pages={211-217},
	year={Dec. 1989}
}

@article{li2009reduced,
	title={Reduced-Reference Image Quality Assessment Using Divisive Normalization-Based Image Representation},
	author={Li, Qiang and Wang, Zhou},
	journal={IEEE Journal of Selected Topics in Signal Processing},
	volume={3},
	number={2},
	pages={202-211},
	year={Apr. 2009},
}

@article{kim2018deep,
	title={Deep {CNN}-based Blind Image Quality Predictor},
	author={Kim, Jongyoo and Nguyen, Anh-Duc and Lee, Sanghoon},
	journal={IEEE Transactions on Neural Networks and Learning Systems},
	volume={30},
	number={1},
	pages={11-24},
	year={Jan. 2019}
}

@article{zhang2023perceptual,
	title={A Perceptual Quality Assessment Exploration for {AIGC} Images},
	author={Zhang, Zicheng and Li, Chunyi and Sun, Wei and Liu, Xiaohong and Min, Xiongkuo and Zhai, Guangtao},
	journal={arXiv preprint arXiv:2303.12618},
	pages={1-6},
	year={2023}
}

@article{wu2023ai,
	title={{AI-Generated} Content ({AIGC}): A Survey},
	author={Wu, Jiayang and Gan, Wensheng and Chen, Zefeng and Wan, Shicheng and Lin, Hong},
	journal={arXiv preprint arXiv:2304.06632},
	pages={1-17},
	year={2023}
}
